@misc{ai-wikipedia,
  author={Wikipedia},
  title={K체nstliche Intelligenz},
  url={https://de.wikipedia.org/wiki/K%C3%BCnstliche_Intelligenz},
  urldate={2023-04-20},
  year={2023}
},

@online{KI, 
author={Dr.Datenschutz},
title={So ernst nimmt Apple den Datenschutz},
url={https://www.dr-datenschutz.de/siri-so-ernst-nimmt-apple-den-datenschutz/},
urldate={2024-05-31},
year={2024}
}, 


@online{FunktionSiri, 
author={Chip},
title={Wie funktioniert Siri? Einfach und verst채ndlich erkl채rt},
url={https://praxistipps.chip.de/wie-funktioniert-siri-einfach-und-verstaendlich-erklaert_44120},
urldate={2024-05-31},
year={2024}
}, 


@online{KIlernen, 
author={IT-P},
title={Wie lernt KI in der Welt der k체nstlichen Intelligenz?},
url={https://www.it-p.de/blog/ki-training-lernen/},
urldate={2024-05-31},
year={2024}
}, 



@online{Kitrainieren, 
author={FDS},
title={Wie werden KI-Modelle trainiert?},
url={https://www.fischer-data-science.com/de/blog/wie-werden-ki-modelle-trainiert.html},
urldate={2024-05-31},
year={2024}
}, 
